<?xml version="1.0" encoding="UTF-8"?><collection xmlns="http://www.loc.gov/MARC21/slim"><record><leader>00493nam--2200169-i-4500</leader><controlfield tag="001">000019370</controlfield><controlfield tag="002">20161230</controlfield><controlfield tag="005">20170108230804</controlfield><controlfield tag="008">060222s1000------------r-----000-0-eng-d</controlfield><datafield ind1=" " ind2=" " tag="040"><subfield code="a">IFIN-HH</subfield></datafield><datafield ind1=" " ind2=" " tag="080"><subfield code="a">539.144:536.48:539.171.2.017</subfield></datafield><datafield ind1="1" ind2=" " tag="100"><subfield code="a">Gillespie, W.A</subfield></datafield><datafield ind1="1" ind2="0" tag="245"><subfield code="a">Excitation of vibrational states in 114cd by inelastic electron scattering</subfield><subfield code="c">W.A. Gillespie (s.a)</subfield></datafield><datafield ind1=" " ind2=" " tag="260"><subfield code="a">Glasgow</subfield><subfield code="b">University</subfield><subfield code="c">/F.A.</subfield></datafield><datafield ind1=" " ind2=" " tag="300"><subfield code="a">12P</subfield></datafield><datafield ind1=" " ind2=" " tag="852"><subfield code="a">38761</subfield><subfield code="c">539.14</subfield></datafield><datafield ind1=" " ind2=" " tag="CAT"><subfield code="a">SYS</subfield><subfield code="c">20170108</subfield><subfield code="h">230804</subfield></datafield></record></collection>